@ARTICLE{4084563,
  author={Grisetti, Giorgio and Stachniss, Cyrill and Burgard, Wolfram},
  journal={IEEE Transactions on Robotics}, 
  title={Improved Techniques for Grid Mapping With Rao-Blackwellized Particle Filters}, 
  year={2007},
  volume={23},
  number={1},
  pages={34-46},
  doi={10.1109/TRO.2006.889486}}

@article{article,
author = {Blanco, Jose Luis and González-Jiménez, Javier and Fernández-Madrigal, J.-A},
year = {2010},
month = {12},
pages = {1726-1742},
title = {Optimal Filtering for Non-parametric Observation Models: Applications to Localization and SLAM},
volume = {29},
journal = {I. J. Robotic Res.},
doi = {10.1177/0278364910364165}
}

@INPROCEEDINGS{8028452,
  author={Jianchao, Song and Xuebo, Zhang and Lei, Sun and Jingtai, Liu},
  booktitle={2017 36th Chinese Control Conference (CCC)}, 
  title={Map-based robust localization for indoor mobile robots}, 
  year={2017},
  volume={},
  number={},
  pages={6945-6950},
  doi={10.23919/ChiCC.2017.8028452}}

@INPROCEEDINGS{5648920,
  author={Meyer-Delius, Daniel and Hess, Jürgen and Grisetti, Giorgio and Burgard, Wolfram},
  booktitle={2010 IEEE/RSJ International Conference on Intelligent Robots and Systems}, 
  title={Temporary maps for robust localization in semi-static environments}, 
  year={2010},
  volume={},
  number={},
  pages={5750-5755},
  doi={10.1109/IROS.2010.5648920}}

@INPROCEEDINGS{6907433,
  author={Valencia, Rafael and Saarinen, Jari and Andreasson, Henrik and Vallvé, Joan and Andrade-Cetto, Juan and Lilienthal, Achim J.},
  booktitle={2014 IEEE International Conference on Robotics and Automation (ICRA)}, 
  title={Localization in highly dynamic environments using dual-timescale NDT-MCL}, 
  year={2014},
  volume={},
  number={},
  pages={3956-3962},
  doi={10.1109/ICRA.2014.6907433}}

@article{Tipaldi2013LifelongLI,
  title={Lifelong localization in changing environments},
  author={Gian Diego Tipaldi and Daniel Meyer-Delius and Wolfram Burgard},
  journal={The International Journal of Robotics Research},
  year={2013},
  volume={32},
  pages={1662 - 1678},
  url={https://api.semanticscholar.org/CorpusID:2462733}
}

@INPROCEEDINGS{10160274,
  author={Andradi, Heruka and Blumenthal, Sebastian and Prassler, Erwin and Plöger, Paul G.},
  booktitle={2023 IEEE International Conference on Robotics and Automation (ICRA)}, 
  title={LiDAR-based Indoor Localization with Optimal Particle Filters using Surface Normal Constraints}, 
  year={2023},
  volume={},
  number={},
  pages={1947-1953},
  doi={10.1109/ICRA48891.2023.10160274}}

@INPROCEEDINGS{772544,
  author={Dellaert, F. and Fox, D. and Burgard, W. and Thrun, S.},
  booktitle={Proceedings 1999 IEEE International Conference on Robotics and Automation (Cat. No.99CH36288C)}, 
  title={Monte Carlo localization for mobile robots}, 
  year={1999},
  volume={2},
  number={},
  pages={1322-1328 vol.2},
  doi={10.1109/ROBOT.1999.772544}}

@article{Markov_Localization,
author = {Fox, Dieter and Burgard, Wolfram},
year = {1999},
month = {12},
pages = {},
title = {Markov Localization for Mobile Robots in Dynamic Environments},
volume = {11},
journal = {J. Artif. Intell. Res.},
doi = {10.1613/jair.616}
}

@INPROCEEDINGS{7759301,
  author={Li, Alberto Quattrini and Xanthidis, Marios and O'Kane, Jason M. and Rekleitis, Ioannis},
  booktitle={2016 IEEE/RSJ International Conference on Intelligent Robots and Systems (IROS)}, 
  title={Active localization with dynamic obstacles}, 
  year={2016},
  volume={},
  number={},
  pages={1902-1909},
  doi={10.1109/IROS.2016.7759301}}

@inproceedings{Rubin1988UsingTS,
  title={Using the SIR algorithm to simulate posterior distributions},
  author={Db Rubin and Db Rubin},
  year={1988},
  url={https://api.semanticscholar.org/CorpusID:115305396}
}